
@online{Example,
  author = {MultiMedia LLC},
  title = {{MS Windows NT} Kernel Description},
  year = 1999,
  url = {http://web.archive.org/web/20080207010024/http://www.808multimedia.com/winnt/kernel.htm},
  urldate = {2010-09-30}
}

@online{VEXSerial,
  author = {EvolvedAwesome},
  title = {VEXSerial},
  year = 2015,
  url = {https://github.com/EvolvedAwesome/VEXSerial},
}

@online{CortexWiringCite,
  author = {jpearman},
  title = {Communicating between two cortex - dual cortex robot},
  year = 2013,
  url = {https://www.vexforum.com/t/communicating-between-two-cortex-dual-cortex-robot/24236},
}

@online{UARTBasic,
  author = {Scott Campbell},
  title = {Basics of UART Communication},
  url = {https://www.circuitbasics.com/basics-uart-communication/},
}

@online{TurningScrub,
  author = {Cari Williams},
  title = {Robot Subsystem \#1: Chassis},
  url = {https://cariwilliamzvex.weebly.com/robot-subsystem-1-chassis.html},
}

@online{3DHandle,
  author = {JohnSL},
  title = {Handle for Allen/Hex Wrench/Key},
  url = {https://www.thingiverse.com/thing:151461},
}

@online{3DRasp,
  author = {TheOddArtisan},
  title = {Raspberry Pi Camera Mount for 2020 Extrusions},
  url = {https://www.thingiverse.com/thing:1156296},
}

@online{3DTag,
  author = {Sensaisean},
  title = {Vex Project Numbers},
  url = {https://www.thingiverse.com/thing:3065521},
}

@online{CoulombCounting,
  author = {Robert A. Cottis},
  title = {Coulomb Counting},
  year = 2008,
  url = {https://www.sciencedirect.com/topics/engineering/coulomb-counting},
}

@online{IntegrationVoltage,
  title = {How to calculate the accurate capacity of a battery?},
  url = {https://www.physicsforums.com/threads/how-to-calculate-the-accurate-capacity-of-a-battery.943245/},
}

@online{Quazar,
  author = {Quazar},
  title = {Unofficial: Quazarâ€™s Battery Load Test},
  url = {https://www.vexforum.com/t/unofficial-quazars-battery-load-test/30378},
}

@online{RenegadeRobotics,
  author = {Renegade Robotics},
  title = {VEX Batteries: Performance \& Measurement},
  url = {https://renegaderobotics.org/vex-batteries-performance-measurement/},
}

@online{PartnerCite1,
  author = {therealslimshady},
  title = {setting partner controllers},
  url = {https://www.vexforum.com/t/setting-partner-controllers/28105},
}

@online{PartnerCite2,
  author = {RC750},
  title = {Answered: Using a Phone Cable as a Partner Cable},
  url = {https://www.vexforum.com/t/answered-using-a-phone-cable-as-a-partner-cable/28283},
}

@online{VEXCompSwitch,
  title = {VEXnet Competition Switch},
  url = {https://www.vexrobotics.com/276-2335.html},
}

@online{VEXDIYCompSwitch,
  title = {How to make your own VEXnet Competition Switch},
  url = {https://static.rapidonline.com/downloads/vex/Make-Competition-Switch.pdf},
}

@online{VEXProgrammingKit,
  title = {Programming Hardware Kit},
  url = {https://www.vexrobotics.com/276-2186.html},
}

@online{Jami,
  title = {Jami},
  url = {https://play.google.com/store/apps/details?id=cx.ring&hl=en_US},
}

@online{Skype,
  title = {Skype},
  url = {https://play.google.com/store/apps/details?id=com.skype.raider&hl=en_US},
}

@online{IPWebcam,
  title = {IP Webcam},
  url = {https://play.google.com/store/apps/details?id=com.pas.webcam&hl=en_US},
}

@online{On5,
  author = {GSMARENA},
  title = {Samsung Galaxy On5},
  url = {https://www.gsmarena.com/samsung_galaxy_on5-7648.php},
}

@online{BladeMax,
  author = {phone scoop},
  title = {ZTE Blade Z Max},
  url = {https://www.phonescoop.com/phones/phone.php?p=5548},
}

@online{Stylo,
  author = {GSMARENA},
  title = {LG Stylo 6},
  url = {https://www.gsmarena.com/lg_stylo_6-10255.php},
}

@online{gstreamer,
  title = {What is GStreamer?},
  url = {https://gstreamer.freedesktop.org/},
}
