
@online{Example,
  author = {MultiMedia LLC},
  title = {{MS Windows NT} Kernel Description},
  year = 1999,
  url = {http://web.archive.org/web/20080207010024/http://www.808multimedia.com/winnt/kernel.htm},
  urldate = {2010-09-30}
}

@online{VEXSerial,
  author = {EvolvedAwesome},
  title = {VEXSerial},
  year = 2015,
  url = {https://github.com/EvolvedAwesome/VEXSerial},
}

@online{CortexWiringCite,
  author = {jpearman},
  title = {Communicating between two cortex - dual cortex robot},
  year = 2013,
  url = {https://www.vexforum.com/t/communicating-between-two-cortex-dual-cortex-robot/24236},
}

@online{UARTBasic,
  author = {Scott Campbell},
  title = {Basics of UART Communication},
  url = {https://www.circuitbasics.com/basics-uart-communication/},
}

@online{TurningScrub,
  author = {Cari Williams},
  title = {Robot Subsystem \#1: Chassis},
  url = {https://cariwilliamzvex.weebly.com/robot-subsystem-1-chassis.html},
}

@online{3DHandle,
  author = {JohnSL},
  title = {Handle for Allen/Hex Wrench/Key},
  url = {https://www.thingiverse.com/thing:151461},
}

@online{3DRasp,
  author = {TheOddArtisan},
  title = {Raspberry Pi Camera Mount for 2020 Extrusions},
  url = {https://www.thingiverse.com/thing:1156296},
}

@online{3DTag,
  author = {Sensaisean},
  title = {Vex Project Numbers},
  url = {https://www.thingiverse.com/thing:3065521},
}

@online{CoulombCounting,
  author = {Robert A. Cottis},
  title = {Coulomb Counting},
  year = 2008,
  url = {https://www.sciencedirect.com/topics/engineering/coulomb-counting},
}

@online{IntegrationVoltage,
  title = {How to calculate the accurate capacity of a battery?},
  url = {https://www.physicsforums.com/threads/how-to-calculate-the-accurate-capacity-of-a-battery.943245/},
}
