@online{FPVWikipedia,
  title = {First-person view (radio control)},
  url = {https://en.wikipedia.org/wiki/First-person_view_(radio_control)},
  urldate = {2021-02-05}
}

@online{analogFPV,
  author = {{Adam Savageâ€™s Tested}},
  title = {Flying FPV Multi-rotors with Team Blacksheep},
  url = {https://www.youtube.com/watch?v=I92AH_F2LOs},
  urldate = {2021-02-05},
  year = 2015
}

@online{securityCamWikipedia,
  title = {Wireless security camera},
  url = {https://en.wikipedia.org/wiki/Wireless_security_camera},
  urldate = {2021-02-05}
}

@online{DJI,
    title = {DJI Digital FPV System},
    urldate = {2021-02-05},
    url = {https://www.dji.com/fpv}
}

@online{DJIStore,
    title = {DJI FPV Series},
    urldate = {2021-02-05},
    url = {https://www.dji.com/fpv}
}

@online{nannyCam,
    title={Mini Spy Camera 1080P Hidden Camera - Portable Small HD Nanny Cam with Night Vision and Motion Detection - Indoor Covert Security Camera for Home and Office - Hidden Spy Cam - Built-in Battery},
    urldate = {2021-02-05},
    url = {https://www.amazon.com/Portable-Detection-Perfect-Security-Battery/dp/B07X1YLC2L}
}

https://m.dji.com/shop/dji-fpv-series

@online{Example,
  author = {MultiMedia LLC},
  title = {{MS Windows NT} Kernel Description},
  year = 1999,
  url = {http://web.archive.org/web/20080207010024/http://www.808multimedia.com/winnt/kernel.htm},
  urldate = {2010-09-30}
}
